=LDR  01025cam a2200253 c 4500
=001  990010954124702202
=005  20230612092528.0
=007  cr||||||||||||
=007  ta
=008  140325s2000\\\\no#|||||\|||||000|0|nob|\
=020  \\$a8205256802$qib.$cNkr 349.00
=041  1\$hmul
=080  \\$a03
=080  \\$a030.1
=082  74$a038.820207$qNO-OsNB$24/nor
=240  10$aVerden i dag :$ben bruksanvisning$1http://viaf.org/viaf/34565761/Verden/dag/bruksanvisning
=245  00$aVerden i dag :$ben bruksanvisning$credigert av Cathrine Grøndahl, Janike Kampevold Larsen og Tore Renberg ; bokstavvignetter ved Kim Hiorthøy ; [billedredaksjon: Oddvar Aurstad ... [et al.] ; [enkelte tekster] er oversatt fra svensk og dansk av Trygve von Hirsch]
=260  \\$a[Oslo]$bGyldendal$c2000
=300  \\$a303 s.$bill.
=336  \\$atext$2rdacontent$0http://rdaregistry.info/termList/RDAContentType/1020
=337  \\$aunmediated$2rdamedia$0http://rdaregistry.info/termList/RDAMediaType/1007
=338  \\$avolume$2rdacarrier$0http://rdaregistry.info/termList/RDACarrierType/1049
=700  1\$aAurstad, Oddvar$ebildered$1http://viaf.org/viaf/60552805$4http://rdaregistry.info/Elements/e/object/P20330
=700  1\$aGrøndahl, Cathrine$d1969-$ered$1http://viaf.org/viaf/51783729$4http://rdaregistry.info/Elements/e/object/P20330
=700  1\$aHiorthøy, Kim$4ill$d1973-$1http://viaf.org/viaf/80096464$4http://www.rdaregistry.info/Elements/w/object/P10058
=700  1\$aHirsch, Trygve von$4trl$1http://viaf.org/viaf/302657140$4http://rdaregistry.info/Elements/e/object/P20037
=700  1\$aLarsen, Janike Kampevold$d1966-$ered$1http://viaf.org/viaf/19327274$4http://rdaregistry.info/Elements/e/object/P20330
=700  1\$aRenberg, Tore$d1972-$ered$1http://viaf.org/viaf/34565761$4http://rdaregistry.info/Elements/e/object/P20330

