=LDR  00624cam a2200193 c 4500
=001  990011564114702202
=005  20230313083002.0
=007  cr||||||||||||
=007  ta
=008  141105s2000\\\\no#||||j\|||||000|1|nob|\
=020  \\$a8247806010$qib.$cNkr 239.00
=080  \\$a839.6
=082  74$a839.823$qNO-OsNB$24/nor
=100  1\$aHiorthøy, Kim$d1973-$4ill$1http://viaf.org/viaf/80096464$4http://www.rdaregistry.info/Elements/w/object/P10058
=240  10$aHando, Kjendo. Torsdag : [en fortelling om et vennskap og et underverk]$1http://viaf.org/viaf/80096464/Hando/Kjendo/Torsdag
=245  10$aHando, Kjendo :$btorsdag$c[tegninger av Kim Hiorthøy ; tekst av Tore Renberg]
=260  \\$a[Oslo]$bGyldendal Tiden$ccop. 2000
=300  \\$a[62] s.$bill.
=336  \\$atext$2rdacontent$0http://rdaregistry.info/termList/RDAContentType/1020
=337  \\$aunmediated$2rdamedia$0http://rdaregistry.info/termList/RDAMediaType/1007
=338  \\$avolume$2rdacarrier$0http://rdaregistry.info/termList/RDACarrierType/1049
=700  1\$aHiorthøy, Kim$4ill$1http://viaf.org/viaf/3517148997595259870006$4http://www.rdaregistry.info/Elements/w/object/P10058
=700  1\$aRenberg, Tore$d1972-$4aut$1http://viaf.org/viaf/34565761$aut$4http://rdaregistry.info/Elements/w/object/P10061

