=LDR  01578cgm a2200361 c 4500
=001  999920030404302202
=005  20230105134632.0
=007  vd#|v||||
=008  140611s2004\\\\xx\|||||||||||\\\\v|nob|d
=024  3\$a7321940018331
=240  00$aAlt for Egil$1http://viaf.org/viaf/177351927
=245  00$aAlt for Egil$cregi: Tore Rygh ; produsent: Sigve Endresen$h[videoopptak]
=260  \\$a[Oslo]$bSandrew Metronome Norge$cc2004
=300  \\$a1 plate (DVD-video) (1 t, 27 min)$blyd, kol.
=336  \\$atwo-dimensional moving image$2rdacontent$0http://rdaregistry.info/termList/RDAContentType/1023
=337  \\$avideo$2rdamedia$0http://rdaregistry.info/termList/RDAMediaType/1008
=338  \\$avideodisk$2rdacarrier$0http://rdaregistry.info/termList/RDACarrierType/1060
=500  \\$aEkstramateriale: Kommentar, dokumentar, musikkvideo, trailere etc
=500  \\$aKodet for sone 2
=500  \\$aKomponist: Lars Horntveth. Musikk: Morten Abel et al.
=500  \\$aManus: Tore Renberg og Tore Rygh
=500  \\$aNorsk tale. Norsk og engelsk undertekst
=500  \\$aProduksjon: Norge : Motlys/Sydvestfilm, 2004
=500  \\$aRolleliste: Kristoffer Joner, Trond Høvik, Morten Abel, Nina Ellen Ødegård, Sally Nilsson
=500  \\$aStatens filmtilsyn : 53144
=700  1\$aAbel, Morten$d1962-$1http://viaf.org/viaf/80010134$4act$4http://rdaregistry.info/Elements/e/object/P20012
=700  1\$aEndresen, Sigve$d1953-$1http://viaf.org/viaf/264849240$4pro$4http://rdaregistry.info/Elements/w/object/P10073
=700  1\$aHorntveth, Lars$d1980-$1http://viaf.org/viaf/17145971375232330083$4cmp$4http://rdaregistry.info/Elements/w/object/P10053
=700  1\$aHøvik, Trond$d1966-$1http://viaf.org/viaf/227709587$4act$4http://rdaregistry.info/Elements/e/object/P20012
=700  1\$aJoner, Kristoffer$d1972-$1http://viaf.org/viaf/225228973$4act$4http://rdaregistry.info/Elements/e/object/P20012
=700  1\$aNilsson, Sally$d1949-$1http://viaf.org/viaf/228766916$4act$4http://rdaregistry.info/Elements/e/object/P20012
=700  1\$aØdegård, Nina Ellen$d1979-$4act$4http://rdaregistry.info/Elements/e/object/P20012
=700  1\$aRenberg, Tore$d1972-$1http://viaf.org/viaf/34565761$4aus$4http://rdaregistry.info/Elements/w/object/P10203
=700  1\$aRygh, Tore$d1968-$1http://viaf.org/viaf/274985165$4drt$4http://rdaregistry.info/Elements/w/object/P10013
=710  2\$aMotlys$0(NO-TrBIB)90864063
=710  2\$aSydvestfilm$0(NO-TrBIB)5019535
=740  0\$aaltforegil

