=LDR  00643cam a2200205 c 4500
=001  999915193534702202
=005  20230401183832.0
=007  cr||||||||||||
=007  ta
=008  110921s1999\\\\no#|||||\|||||000|1|nob|\
=020  \\$a8210044419$qh.$cNkr 79.00
=080  \\$a839.82
=082  74$a839.823$qNO-OsNB$24/nor
=100  1\$aRenberg, Tore$d1972-$1http://viaf.org/viaf/34565761$4aut$4http://rdaregistry.info/Elements/w/object/P10061
=240  10$aRenselse :romanen om Jackob Malde, den ved Gud evig forbundne, for verden alltid tapte, sett, elsket, aktet$1https://viaf/34565761/Renselse/Jakob/Malde
=245  10$aRenselse :$bromanen om Jakob Malde, den ved Gud evig forbundne, for verden alltid tapte, sett, elsket, aktet$cav Tore Renberg
=260  \\$aOslo$bTiden$c1999
=300  \\$a334 s.
=336  \\$atext$2rdacontent$0http://rdaregistry.info/termList/RDAContentType/1020
=337  \\$aunmediated$2rdamedia$0http://rdaregistry.info/termList/RDAMediaType/1007
=338  \\$avolume$2rdacarrier$0http://rdaregistry.info/termList/RDACarrierType/1049
=490  1\$aTidens pocketutgave
=500  \\$a1. utg. 1998
=830  \0$aTidens pocketutgave
 
