=LDR  00552cam a2200181 c 4500
=001  990118047344702202
=005  20160622111818.0
=007  ta
=008  110826s2001\\\\xx#|||||||||||000|1|swe|\
=020  \\$a9113008854$qib.
=041  1\$hnob
=082  74$a839.823$qNO-OsNB$25/nor
=100  1\$aRenberg, Tore$d1972-$1http://viaf.org/viaf/34565761$4aut$4http://rdaregistry.info/Elements/w/object/P10061
=240  13$aEn god tid :$berindringer fra fremtiden$1https://viaf.org/viaf/34565761/erindringer/fremtiden
=245  13$aEn god tid :$bminnen från framtiden$cTore Renberg ; översättning av Urban Andersson
=246  1\$aEn god tid$iOriginaltittel
=260  \\$aStockholm$bNorstedt$c2001
=300  \\$a231 s.
=336  \\$atext$2rdacontent$0http://rdaregistry.info/termList/RDAContentType/1020
=337  \\$aunmediated$2rdamedia$0http://rdaregistry.info/termList/RDAMediaType/1007
=338  \\$avolume$2rdacarrier$0http://rdaregistry.info/termList/RDACarrierType/1049
=700  1\$aAndersson, Urban$1http://viaf.org/viaf/60820856$4trl$4http://rdaregistry.info/Elements/e/object/P20049

