=LDR  00760cam a2200229 c 4500
=001  990302706934702202
=005  20160622112018.0
=007  ta
=008  110826s2002\\\\xx#|||||||||||000|1|ger|\
=020  \\$a3442729203$qh.
=041  1\$hnob
=082  74$a839.823$qNO-OsNB$25/nor
=100  1\$aRenberg, Tore$d1972-$1http://viaf.org/viaf/34565761$4aut$4http://rdaregistry.info/Elements/w/object/P10061
=240  14$aRenselse : romanen om Jakob Malde, den ved Gud evig forbundne, for verden alltid tapte, sett, elsket, aktet$1https://viaf/34565761/Renselse/Jakob/Malde
=245  14$aDas Wunder im Erdbeerfeld :$bder Roman über Jakob Malde, seinem Gott ewiglich verbunden, der Welt für immer verloren, gesehen, geliebt, geachtet$cTore Renberg ; aus dem Norwegischen von Günther Frauenlob
=246  1\$aRenselse$iOriginaltittel
=260  \\$aMünchen$bbtb$c2002
=300  \\$a383 s.
=336  \\$atext$2rdacontent$0http://rdaregistry.info/termList/RDAContentType/1020
=337  \\$aunmediated$2rdamedia$0http://rdaregistry.info/termList/RDAMediaType/1007
=338  \\$avolume$2rdacarrier$0http://rdaregistry.info/termList/RDACarrierType/1049
=490  1\$a[Goldmann]
=490  1\$abtb
=700  1\$aFrauenlob, Günther$1http://viaf.org/viaf/62377176$4trl$4http://rdaregistry.info/Elements/e/object/P20037
=830  \0$a[Goldmann]
=830  \0$abtb
 
