=LDR  01630cgm a2200337 c 4500
=001  999919985770602202
=005  20230105134437.0
=007  vd#|v||||
=008  141117s2008\\\\xx\|||||||||||\\\\v|nob|d
=024  \3$a7071400027402
=080  \\$a839.6
=130  0\$aMannen som elsket Yngve (videoopptak)$1http://viaf.org/viaf/283715067/Mannen/som/elsket/Yngve
=240  00$aMannen som elsket Yngve$1http://viaf.org/viaf/5930152502773210800007
=245  00$aMannen som elsket Yngve$cregi: Stian Kristiansen$h[videoopptak]
=260  \\$aOslo$bSandrew Metronome Norge$bWarner Bros. Entertainment Norge$cc2008
=300  \\$a1 plate (DVD-video) (94 min)$blyd, kol.
=336  \\$atwo-dimensional moving image$2rdacontent$0http://rdaregistry.info/termList/RDAContentType/1023
=337  \\$avideo$2rdamedia$0http://rdaregistry.info/termList/RDAMediaType/1008
=338  \\$avideodisk$2rdacarrier$0http://rdaregistry.info/termList/RDACarrierType/1060
=500  \\$aDrama. Manus: Tore Renberg etter egen roman. Komponist: Kaada
=500  \\$aEkstramateriale: bakomfilm, slettede scener, bloopers, hva skjer videre?, jakten på Jarle Klepp, 2 kommentarspor
=500  \\$aKodet for region 2. Widescreen
=500  \\$aMedietilsynet : 127466
=500  \\$aNDVDS : F2740
=500  \\$aNorsk tale. Norske undertekster valgbare
=500  \\$aProduksjon: Norge : Motlys, 2008
=500  \\$aRolleliste: Rolf Kristian Larsen, Arthur Berning, Ida Elise Broch, Ole Christoffer Ertvaag, Jørgen Langhelle, Kristoffer Joner et al.
=700  1\$aBerning, Arthur$d1987-$1http://viaf.org/viaf/3595149368838385980009$4act$4http://rdaregistry.info/Elements/e/object/P20012
=700  1\$aBroch, Ida Elise$d1987-$1http://viaf.org/viaf/3287149108688668780004$4act$4http://rdaregistry.info/Elements/e/object/P20012
=700  1\$aErtvaag, Ole Christoffer$d1987-$1http://viaf.org/viaf/191149196295074790971$4act$4http://rdaregistry.info/Elements/e/object/P20012
=700  1\$aJoner, Kristoffer$d1972-$1http://viaf.org/viaf/225228973$4act$4http://rdaregistry.info/Elements/e/object/P20012
=700  1\$aKaada, John Erik$d1975-$1http://viaf.org/viaf/85757429$4cmp$4http://rdaregistry.info/Elements/w/object/P10053 
=700  1\$aKristiansen, Stian$d1972-$1http://viaf.org/viaf/283715067$4drt$4http://rdaregistry.info/Elements/w/object/P10013
=700  1\$aLanghelle, Jørgen$d1965-2021$1http://viaf.org/viaf/172057123$4act$4http://rdaregistry.info/Elements/e/object/P20012
=700  1\$aLarsen, Rolf Kristian$d1983-$1http://viaf.org/viaf/100929322$4act$4http://rdaregistry.info/Elements/e/object/P20012
=700  12$aRenberg, Tore$d1972-$tMannen som elsket Yngve$1http://viaf.org/viaf/34565761$4aus$4http://rdaregistry.info/Elements/w/object/P10203
=758  1\$iFilmatisering av:$aMannen som elsket Yngve$1http://viaf.org/viaf/283715067/Mannen/som/elsket/Yngve$4http://rdaregistry.info/Elements/w/object/P10129 
 
