=LDR  00739cam a2200253 c 4500
=001  990417517604702202
=005  20230531150608.0
=007  cr||||||||||||
=007  ta
=008  151007s2004\\\\no\|||||\|||||000|d|mul|\
=020  \\$a8249502779$qh.$cNkr 279.00
=041  0\$anob$adan$aeng
=080  \\$a791.4(481)
=080  \\$a791.43
=080  \\$a791.44.071.11
=080  \\$a839.6
=082  74$a839.822$qNO-OsNB$25/nor
=100  1\$aRenberg, Tore$d1972-$1http://viaf.org/viaf/34565761$4aut$4http://rdaregistry.info/Elements/w/object/P10203
=130  0\$aAlt for Egil (screenplay)$1https://viaf/34565761/Alt/for/Egil
=240  10$aAlt for Egil$1http://viaf.org/viaf/177351927
=245  10$aAlt for Egil :$bmanuskript$cTore Renberg & Tore Rygh
=260  \\$a[Oslo]$bOktober$c2004
=300  \\$a213 s.$bill.
=336  \\$atext$2rdacontent$0http://rdaregistry.info/termList/RDAContentType/1020
=337  \\$aunmediated$2rdamedia$0http://rdaregistry.info/termList/RDAMediaType/1007
=338  \\$avolume$2rdacarrier$0http://rdaregistry.info/termList/RDACarrierType/1049
=630  07$aAlt for Egil$gfilm$0(NO-TrBIB)4040258$2bare
=700  1\$aRygh, Tore$d1968-$1http://viaf.org/viaf/274985165$4aut$4http://rdaregistry.info/Elements/w/object/P10203
=740  0\$aAltforegil
=758  1\$iManuskript til:$aAlt for Egil$1http://viaf.org/viaf/177351927$4http://rdaregistry.info/Elements/w/object/P10160
 
