=LDR  00621cim a2200181 c 4500
=001  990515007284702202
=005  20230303114202.0
=007  sd\f||||||||||
=008  150408s2005\\\\no#||||\|||||||f#|||nob|\
=020  \\$a8242117993$cNkr 348.00
=082  74$a839.823$qNO-OsNB$25/nor
=100  1\$aRenberg, Tore$d1972-$1http://viaf.org/viaf/34565761$4aut$4http://rdaregistry.info/Elements/w/object/P10061
=240  10$aKompani Orheim$1http://viaf.org/viaf/9937151965272000470001
=245  10$aKompani Orheim$cTore Renberg$h[lydopptak]
=260  \\$a[Melhus]$bLydbokforl.$c2005
=300  \\$a12 plater (CD) (14 t, 24 min)$bdigital$c12 cm, i eske
=336  \\$aspoken word$2rdacontent$0http://rdaregistry.info/termList/RDAContentType/1013
=337  \\$aaudio$2rdamedia$0http://rdaregistry.info/termList/RDAMediaType/1001
=338  \\$aaudio disc$2rdacarrier$0http://rdaregistry.info/termList/RDACarrierType/1004
=500  \\$aLest av Yngve Berven
=500  \\$aPå esken: Romaner, noveller
=700  \\$a
=700  1\$aBerven, Yngve$d1975-$emedarb.$1http://viaf.org/viaf/229787737$4http://rdaregistry.info/Elements/e/object/P20022
  
