=LDR  00861cja a2200229 c 4500
=001  990601314384702202
=005  20190130100821.0
=007  sd\f||||||||||
=008  110826s2002\\\\xx#||||\||||||||||||nob|\
=100  1\$aRenberg, Tore$d1972-$1http://viaf.org/viaf/34565761$4cmp$4http://rdaregistry.info/Elements/w/object/P10053
=245  10$aAlt e dine venner$h[lydopptak]
=260  \\$c2002
=300  \\$a(3 min, 48 s)
=336  \\$aperformed music$2rdacontent$0http://rdaregistry.info/termList/RDAContentType/1011
=337  \\$aaudio$2rdamedia$0http://rdaregistry.info/termList/RDAMediaType/1001
=338  \\$acompact disc$2rdacarrier$0http://rdaregistry.info/termList/RDACarrierType/1013
=511  0\$aJørn Pedersen (gitar)
=700  1\$aFjermestad, Kristian,$eutøver$eel-bass$1http://viaf.org/viaf/153149294274480521324$4http://rdaregistry.info/Elements/e/object/P20020
=700  1\$aGuddingsmo, Jonny$d1971-$eutøver$etrommer$1http://viaf.org/viaf/406160483611904990154$4http://rdaregistry.info/Elements/e/object/P20020
=700  1\$aJørgensen, Jørgen,$eutøver$ekeyboard$1http://viaf.org/viaf/4939156012383649700001$4http://rdaregistry.info/Elements/e/object/P20020
=700  1\$aPedersen, Jørn$d1962-$eutøver$egitar$1http://viaf.org/viaf/4616154075994111860006$4http://rdaregistry.info/Elements/e/object/P20020
=700  1\$aRenberg, Tore$d1972-$eutøver$esang$1http://viaf.org/viaf/34565761$4http://rdaregistry.info/Elements/e/object/P20025
=700  1\$aRiska, Inge,$eutøver$eprodusent$1http://viaf.org/viaf/89149294297980521531$4http://rdaregistry.info/Elements/w/object/P10304
=710  2\$aVerdensrommet (musikkgruppe)
=800  0\$aRenberg, Tore$tAlt e dine venner$1http://viaf.org/viaf/167149294306180521627/Alt/venner
 
