=LDR  00609cja a2200169 c 4500
=001  990601363914702202
=005  20190130100821.0
=007  sd\f||||||||||
=008  110826s2004\\\\xx#||||\||||||||||||eng|\
=100  1\$aRenberg, Tore$d1972-$1http://viaf.org/viaf/34565761$4cmp$4http://rdaregistry.info/Elements/w/object/P10053
=240  10$aKa bler det te med den snøen?$1http://viaf.org/viaf/140149294366780522217/Ka/med/snøen/?
=245  10$aKa bler det te med den snøen?$cT. Renberg$h[lydopptak]
=260  \\$c2004
=300  \\$a(4 min, 16 s)
=336  \\$aperformed music$2rdacontent$0http://rdaregistry.info/termList/RDAContentType/1011
=337  \\$aaudio$2rdamedia$0http://rdaregistry.info/termList/RDAMediaType/1001
=338  \\$acompact disc$2rdacarrier$0http://rdaregistry.info/termList/RDACarrierType/1013
=380  \\$aJulemusikk$2emnmus
=511  0\$aStavanger energi (musikkgruppe)
=710  2\$aStavanger energi (musikkgruppe)$0(NO-TrBIB)6007146
=773  0\$t(Not just) another X-mas album$dStavanger : Checkpoint Charlie, 2004$g9$w990521428254702201
 
