=LDR  01235cgm a2200325 c 4500
=001  991215983304702202
=005  20230105135025.0
=007  vd\cva|||
=008  141020s2012\\\\xx\|||||||||||\\\\v|nob|d
=041  \\$anob$jeng
=060  \4$aWS 462
=082  04$a791.4372$223
=130  0$aKompani Orheim (videoopptak)$1http://viaf.org/viaf/41149294249780521243/Kompani/Orheim
=240  1\$aKompani Orheim$1http://viaf.org/viaf/9937151965272000470001 
=245  00$aKompani Orheim$cregi: Arild Andresen$h[videoopptak]
=260  \\$a[S.l.]$bMotlys$c2012
=300  \\$a1 videoplate (DVD-video) (104 min)$blyd, kol.
=336  \\$atwo-dimensional moving image$2rdacontent$0http://rdaregistry.info/termList/RDAContentType/1023
=337  \\$avideo$2rdamedia$0http://rdaregistry.info/termList/RDAMediaType/1008
=338  \\$avideodisk$2rdacarrier$0http://rdaregistry.info/termList/RDACarrierType/1060
=500  \\$aBasert på: Kompani Orheim / Tore Renberg
=500  \\$aDrama, aldersgrense 11 år.
=500  \\$aEkstramateriale: intervju, slettede scener, trailer, kommentarspor
=500  \\$aKodet for region 2
=500  \\$aMedietilsynet : 164087
=500  \\$aNorsk språk, norske og engelske undertekst valgbar.
=500  \\$aNSD 8800316
=511  1\$aCecilie Mosli, Vebjørn Enger, Kristoffer Joner
=521  \\$aAldersgrense: 11 år
=546  \\$aNorsk tale, valgbare engelske undertekster
=700  1\$aAndresen, Arild$1http://viaf.org/viaf/41149294249780521243$4drt$4http://rdaregistry.info/work/a/P10013
=700  1\$aEnger, Vebjørn$1http://viaf.org/viaf/1091149068479965730002$4act$4http://rdaregistry.info/Elements/e/object/P20012
=700  1\$aJoner, Kristoffer$d1972-$1http://viaf.org/viaf/225228973$4act$4act$4http://rdaregistry.info/Elements/e/object/P20012
=700  1\$aMosli, Cecilie$d1973-$1http://viaf.org/viaf/160101915$4act$4http://rdaregistry.info/Elements/e/object/P20012
=700  12$aRenberg, Tore$d1972-$tKompani Orheim$imotion picture adaption of$1http://viaf.org/viaf/9937151965272000470001$4http://rdaregistry.info/Elements/w/object/P10129
=758  1\$iFilmatisering av:$aKompani Orheim$1http://viaf.org/viaf/9937151965272000470001$4http://rdaregistry.info/Elements/w/object/P10129 
 
