=LDR  00832cja a2200217 c 4500
=001  990612818914702202
=005  20190130101030.0
=007  sd\f||||||||||
=008  110826s2006\\\\xx#||||\||||||||||||nob|\
=100  1\$aRenberg, Tore$d1972-$1http://viaf.org/viaf/34565761$4cmp$4http://rdaregistry.info/Elements/w/object/P10053
=240  04$aJord med løv på/Meg med løv på$1http://viaf.org/viaf/34565761/Jord/løv/på
=245  10$aJord med løv på$h[lydopptak]
=260  \\$c2006
=300  \\$a(6 min)
=336  \\$aperformed music$2rdacontent$0http://rdaregistry.info/termList/RDAContentType/1011
=337  \\$aaudio$2rdamedia$0http://rdaregistry.info/termList/RDAMediaType/1001
=338  \\$acompact disc$2rdacarrier$0http://rdaregistry.info/termList/RDACarrierType/1013
=700  1\$aFjermestad, Kristian$eutøver$eelbass$1http://viaf.org/viaf/153149294274480521324$4http://rdaregistry.info/Elements/e/object/P20020
=700  1\$aJacobsen, Børre$eutøver$eelgitar$eprodusent$1http://viaf.org/viaf/211149294446580522849$4http://rdaregistry.info/Elements/e/object/P20020
=700  1\$aJacobsen, Tore$eutøver$etrommer$1http://viaf.org/viaf/410149294085080520515$4http://rdaregistry.info/Elements/e/object/P20020
=700  1\$aJørgensen, Jørgen$eutøver$esynthesizer$1http://viaf.org/viaf/308149106189568491429$4http://rdaregistry.info/Elements/e/object/P20020
=700  1\$aLye, Eirik$eutøver$eprodusent$1http://viaf.org/viaf/51145970335632252661$4http://rdaregistry.info/Elements/w/object/P10304
=700  1\$aRenberg, Tore$d1972-$eutøver$esang$eprodusent$1http://viaf.org/viaf/34565761$4http://rdaregistry.info/Elements/e/object/P20025
=710  2\$aStavanger energi (musikkgruppe)$eutøver
=773  0\$aStavanger energi (musikkgruppe)$tDet amerikanske valget$dStavanger : Kippers, 2006$g1$w990607703174702201
=800  0$tDet amerikanske valget$1http://viaf.org/viaf/34565761/Det/amerikanske/valget
 
