=LDR  00577cam a2200205 c 4500
=001  990613266584702202
=005  20230531161552.0
=007  cr||||||||||||
=007  ta
=008  150914s2006\\\\no#|||||\|||||000|f|nob|\
=020  \\$a8249504240$qib.$cNkr 329.00
=020  \\$a9788249504244$qib.
=080  \\$a839.6
=082  74$a839.823$qNO-OsNB$25/nor
=100  1\$aRenberg, Tore$d1972-$1http://viaf.org/viaf/34565761$4aut$4http://rdaregistry.info/Elements/w/object/P10061
=240  04$aMannen som elsket Yngve$1http://viaf.org/viaf/34565761/Mannen/elsket/Yngve
=245  10$aMannen som elsket Yngve$cTore Renberg$h[lydopptak]
=260  \\$a[Melhus]$bLydbokforl.$c2008
=300  \\$a10 plater (CD) (12 t, 17 min)$bdigital$c12 cm, i eske
=336  \\$aspoken word$2rdacontent$0http://rdaregistry.info/termList/RDAContentType/1013
=337  \\$aaudio$2rdamedia$0http://rdaregistry.info/termList/RDAMediaType/1001
=338  \\$aaudio disc$2rdacarrier$0http://rdaregistry.info/termList/RDACarrierType/1004
=500  \\$aLest av Rolf Kristian Larsen
=700  1\$aLarsen, Rolf Kristian$d1983-$1http://viaf.org/viaf/100929322$emedarb.$4nrt$4http://rdaregistry.info/Elements/e/object/P20037
 
