=LDR  00686cam a2200205 c 4500
=001  991440138514702202
=005  20230601064043.0
=007  ta
=008  141028s2014\\\\xx#|||||||||||000|f|por|\
=020  \\$a9788572344692$qh.
=041  1\$hnob
=082  74$a839.823$qNO-OsNB$25/nor
=100  1\$aRenberg, Tore$d1972-$1http://viaf.org/viaf/34565761$4aut$4http://rdaregistry.info/Elements/w/object/P10061
=240  10$aMannen som elsket Yngve$1http://viaf.org/viaf/5930152502773210800007 
=245  12$aO homem que amava Yngve$cTore Renberg ; tradução do noruegues Grete Skevik
=246  1\$aMannen som elsket Yngve$iOriginaltittel
=260  \\$aSão Paulo$bDBA$ccop. 2014
=300  \\$a335 s.
=336  \\$atext$2rdacontent$0http://rdaregistry.info/termList/RDAContentType/1020
=337  \\$aunmediated$2rdamedia$0http://rdaregistry.info/termList/RDAMediaType/1007
=338  \\$avolume$2rdacarrier$0http://rdaregistry.info/termList/RDACarrierType/1049
=536  \\$aNORLA
=700  1\$aSkevik, Grete$d1950-$1http://viaf.org/viaf/225599858$4trl$4http://rdaregistry.info/Elements/e/object/P20037
=765  0\$aRenberg, Tore$tMannen som elsket Yngve :$w990305860544702201
 
