=LDR  00612cam a2200217 c 4500
=001  990701370644702202
=005  20230531162945.0
=007  cr||||||||||||
=007  ta
=008  110924s2007\\\\no#|||||\|||||000|f|nob|\
=020  \\$a9788249504695$qh.$cNkr 99.00
=082  74$a839.823$qNO-OsNB$25/nor
=100  1\$aRenberg, Tore$d1972-$1http://viaf.org/viaf/34565761$4aut$4http://rdaregistry.info/Elements/w/object/P10061
=240  10$aFarmor har kabel-TV ; Videogutten$1http://viaf/34564761/Farmor/kabel-TV/Videogutten
=245  10$aFarmor har kabel-TV ; Videogutten :$bromaner$cTore Renberg
=260  \\$aOslo$bOktober$c2007
=300  \\$a219 s.
=336  \\$atext$2rdacontent$0http://rdaregistry.info/termList/RDAContentType/1020
=337  \\$aunmediated$2rdamedia$0http://rdaregistry.info/termList/RDAMediaType/1007
=338  \\$avolume$2rdacarrier$0http://rdaregistry.info/termList/RDACarrierType/1049
=490  1\$aOktober pocket
=500  \\$a1. utg. 2006
=740  0\$aFarmor har kabel-TV
=740  0\$aVideogutten
=830  \0$aOktober pocket
  
