=LDR  00673cam a2200217 c 4500
=001  991127729864702202
=005  20230531195441.0
=007  ta
=008  110826s2011\\\\xx#|||||||||||000|f|pol|\
=020  \\$a9788362180318$qh.
=041  1\$hnob
=082  74$a839.823$qNO-OsNB$25/nor
=100  1\$aRenberg, Tore$d1972-$1http://viaf.org/viaf/34565761$4aut$4http://rdaregistry.info/Elements/w/object/P10061
=240  10$aMannen som elsket Yngve$1http://viaf.org/viaf/5930152502773210800007
=245  10$aCzłowiek, który pokochał Yngvego$cTore Renberg ; przełożyła Katarzyna Tunkiel
=246  1\$aMannen som elsket Yngve$iOriginaltittel
=260  \\$aWarszawa$bAkcent$c2011
=300  \\$a356 s.
=336  \\$atext$2rdacontent$0http://rdaregistry.info/termList/RDAContentType/1020
=337  \\$aunmediated$2rdamedia$0http://rdaregistry.info/termList/RDAMediaType/1007
=338  \\$avolume$2rdacarrier$0http://rdaregistry.info/termList/RDACarrierType/1049
=490  1\$aEuropa czyta
=700  1\$aTunkiel, Katarzyna$d1985-$1http://viaf.org/viaf/230200815$4trl$4http://rdaregistry.info/Elements/e/object/P20037
=740  0\$aYngvego
=830  \0$aEuropa czyta
 
