=LDR  00589cja a2200169 c 4500
=001  990812685644702202
=005  20190130101753.0
=007  sd\f||||||||||
=008  120104s2008\\\\xx#||||\||||||||||||und|\
=100  1\$aZahl, Geir$d1975-$1http://viaf.org/viaf/222044519$4cmp$4http://rdaregistry.info/Elements/w/object/P10053
=240  10$aHakkemat opp mot veggen$1http://viaf.org/viaf/222044519/hakkemat/mot/veggen
=245  10$aHakkemat opp mot veggen$cZahl, Renberg$h[lydopptak]
=260  \\$c2008
=300  \\$a(1 min, 54 s)
=336  \\$aperformed music$2rdacontent$0http://rdaregistry.info/termList/RDAContentType/1011
=337  \\$aaudio$2rdamedia$0http://rdaregistry.info/termList/RDAMediaType/1001
=338  \\$acompact disc$2rdacarrier$0http://rdaregistry.info/termList/RDACarrierType/1013
=511  0\$aMathias Rust Band
=700  1\$aRenberg, Tore$d1972-$1http://viaf.org/viaf/34565761$4lyr$4http://rdaregistry.info/Elements/w/object/P10204
=710  2\$aMathias Rust Band$0(NO-TrBIB)8051502
=773  0\$tMannen som elsket Yngve$d[Oslo] : Oh No! Records, 2008$g2:18$w990806676514702201
=800  0$tMannen som elsket Yngve$1http://viaf.org/viaf/283715067/Mannen/som/elsket/Yngve
 
