=LDR  00592cam a2200193 c 4500
=001  990810951634702202
=005  20230531171622.0
=007  ta
=008  131113s2008\\\\xx#|||||||||||000|f|dan|\
=020  \\$a9788790524777$qib.
=041  1\$hnob
=082  74$a839.823$qNO-OsNB$25/nor
=100  1\$aRenberg, Tore$d1972-$1http://viaf.org/viaf/34565761$4aut$4http://rdaregistry.info/Elements/w/object/P10061
=240  10$aKompani Orheim$1http://viaf.org/viaf/9937151965272000470001
=245  10$aKompagni Orheim :$broman$cTore Renberg ; på dansk ved Jannie Jensen & Arild Batzer
=246  1\$aKompani Orheim$iOriginaltittel
=260  \\$aRoskilde$bBatzer & Co.$c2008
=300  \\$a525 s.
=336  \\$atext$2rdacontent$0http://rdaregistry.info/termList/RDAContentType/1020
=337  \\$aunmediated$2rdamedia$0http://rdaregistry.info/termList/RDAMediaType/1007
=338  \\$avolume$2rdacarrier$0http://rdaregistry.info/termList/RDACarrierType/1049
=700  1\$aBatzer, Arild$4trl$1http://viaf.org/viaf/227149066634465602334$4trl$4http://rdaregistry.info/Elements/e/object/P20037
=700  1\$aJensen, Jannie$4trl$1http://viaf.org/viaf/32145970329832252552$4trl$4http://rdaregistry.info/Elements/e/object/P20037
 
